
@Book{goossens94,
  author = 	 {Michel Goossens and Frank Mittelbach and Alexander Samarin},
  title = 	 {The \LaTeX Companion},
  publisher = 	 {Addison Wesley},
  year = 	 1994
}

@Book{knuth86,
  author = 	 {Donald E. Knuth},
  title = 	 {The \TeX book},
  publisher = 	 {Addison Wesley},
  year = 	 1986,
  volume =	 {A},
  series =	 {Computers and Typesetting}
}

@Book{lamport94,
  author = 	 {Leslie Lamport},
  title = 	 {\LaTeX: A Document Preparation System---User's Guide and Reference Manual},
  publisher = 	 {Addison Wesley},
  year = 	 1994,
  edition =	 {2nd}
}

@incollection{shulz12,
year={2012},
isbn={978-3-642-31364-6},
booktitle={Automated Reasoning},
volume={7364},
series={Lecture Notes in Computer Science},
editor={Gramlich, Bernhard and Miller, Dale and Sattler, Uli},
doi={10.1007/978-3-642-31365-3\_37},
title={Fingerprint Indexing for Paramodulation and Rewriting},
url={http://dx.doi.org/10.1007/978-3-642-31365-3\_37},
publisher={Springer Berlin Heidelberg},
author={Schulz, Stephan},
pages={477-483}
}

@incollection{baum13,
year={2013},
isbn={978-3-642-38573-5},
booktitle={Automated Deduction -- CADE-24},
volume={7898},
series={Lecture Notes in Computer Science},
editor={Bonacina, MariaPaola},
doi={10.1007/978-3-642-38574-2\_3},
title={Hierarchic Superposition with Weak Abstraction},
url={http://dx.doi.org/10.1007/978-3-642-38574-2\_3},
publisher={Springer Berlin Heidelberg},
author={Baumgartner, Peter and Waldmann, Uwe},
pages={39-57}
}

@incollection{vampire,
year={1999},
isbn={978-3-540-66222-8},
booktitle={Automated Deduction -- CADE-16},
volume={1632},
series={Lecture Notes in Computer Science},
doi={10.1007/3-540-48660-7\_26},
title={Vampire},
url={http://dx.doi.org/10.1007/3-540-48660-7\_26},
publisher={Springer Berlin Heidelberg},
author={Riazanov, Alexandre and Voronkov, Andrei},
pages={292-296},
language={English}
}

@incollection{spass,
year={1999},
isbn={978-3-540-66222-8},
booktitle={Automated Deduction -- CADE-16},
volume={1632},
series={Lecture Notes in Computer Science},
doi={10.1007/3-540-48660-7\_34},
title={System Description: Spass Version 1.0.0},
url={http://dx.doi.org/10.1007/3-540-48660-7\_34},
publisher={Springer Berlin Heidelberg},
author={Weidenbach, Christoph and Afshordel, Bijan and Brahm, Uwe and Cohrs, Christian and Engel, Thorsten and Keen, Enno and Theobalt, Christian and Topi\'{c}, Dalibor},
pages={378-382},
language={English}
}

@article{supcalc,
  author    = {Leo Bachmair and
               Harald Ganzinger},
  title     = {Rewrite-Based Equational Theorem Proving with Selection
               and Simplification},
  journal   = {J. Log. Comput.},
  volume    = {4},
  number    = {3},
  year      = {1994},
  pages     = {217-247},
  ee        = {http://dx.doi.org/10.1093/logcom/4.3.217},
  bibsource = {DBLP, http://dblp.uni-trier.de}
}


@Article{eprover,
  author =       {S. Schulz},
  title =        {{E -- A Brainiac Theorem Prover}},
  journal =      {Journal of AI Communications},
  year =         {2002},
  OPTkey =       {},
  volume =       {15},
  number =       {2/3},
  pages =        {111--126},
  OPTmonth =     {},
  note =         {},
  annote =       {StS},
}

@article{bach94,
year={1994},
issn={0938-1279},
journal={Applicable Algebra in Engineering, Communication and Computing},
volume={5},
number={3-4},
doi={10.1007/BF01190829},
title={Refutational theorem proving for hierarchic first-order theories},
url={http://dx.doi.org/10.1007/BF01190829},
publisher={Springer-Verlag},
keywords={Theorem proving; Resolution; Superposition; Constraints; Quantifier elimination; Term rewriting; Algebraic specification},
author={Bachmair, Leo and Ganzinger, Harald and Waldmann, Uwe},
pages={193-212},
language={English}
}
